<?xml version="1.0" encoding="UTF-8"?><collection xmlns="http://www.loc.gov/MARC21/slim"><record><leader>00499nam--2200133-i-4500</leader><controlfield tag="001">000002381</controlfield><controlfield tag="002">20161230</controlfield><controlfield tag="005">20161230201025</controlfield><controlfield tag="008">060222s1000------------r-----000-0-eng-d</controlfield><datafield ind1=" " ind2=" " tag="100"><subfield code="a">Figier, J</subfield></datafield><datafield ind1=" " ind2=" " tag="245"><subfield code="a">Une methode sensible pour la detection de l acide betta - indolylacetique marque au tritium, dans des cellules et tissus vegetaux a des concentratioms physiologiques et experimentals</subfield></datafield><datafield ind1=" " ind2=" " tag="260"><subfield code="a">Sacllay, Centre D Etudes Nucl., 1962. 339 - 344 P</subfield></datafield><datafield ind1=" " ind2=" " tag="490"><subfield code="a">Rapport Cea No. 2117</subfield></datafield><datafield ind1=" " ind2=" " tag="852"><subfield code="a">13455</subfield></datafield></record></collection>